<?xml version="1.0" encoding="UTF-8"?><collection xmlns="http://www.loc.gov/MARC21/slim"><record><leader>00560nam--2200193-i-4500</leader><controlfield tag="001">000040275</controlfield><controlfield tag="002">20161230</controlfield><controlfield tag="005">20161230201042</controlfield><controlfield tag="008">060222s1000------------r-----000-0-rus-d</controlfield><datafield ind1=" " ind2=" " tag="040"><subfield code="a">IFIN-HH</subfield></datafield><datafield ind1=" " ind2=" " tag="041"><subfield code="a">rus</subfield></datafield><datafield ind1=" " ind2=" " tag="080"><subfield code="a">539.16</subfield></datafield><datafield ind1="1" ind2=" " tag="100"><subfield code="a">Gusev, N.G</subfield></datafield><datafield ind1="1" ind2="0" tag="245"><subfield code="a">Gamma-izlucenie radioaktivnih izotopov i produktov delenia</subfield><subfield code="b">Teoria i tabliti</subfield><subfield code="c">N.g. gusev, v.p. maskovici, g.v. obvintev</subfield></datafield><datafield ind1=" " ind2=" " tag="260"><subfield code="a">Moskva</subfield><subfield code="b">Fiziko-matematiceskoi Literaturi</subfield><subfield code="c">1958</subfield></datafield><datafield ind1=" " ind2=" " tag="300"><subfield code="a">208P</subfield></datafield><datafield ind1="1" ind2=" " tag="700"><subfield code="a">Obvintev, G.V</subfield></datafield><datafield ind1=" " ind2=" " tag="852"><subfield code="a">5656</subfield><subfield code="c">539.16</subfield></datafield><datafield ind1=" " ind2=" " tag="CAT"><subfield code="a">Sys</subfield><subfield code="c">20120514</subfield><subfield code="h">135110</subfield></datafield></record></collection>